
@article{cite:1,
  author = {R. A. Fisher},
  title = {The correlaction between relatives under the supposition of Mendelian inheritance},
  journal = {Transactions of the royal society of Edinburgh},
  year = {1918},
  volume = {52},
  pages = {399-433}}

@article{cite:2,
  author = {R. M. Nelson and M. E. Pettersson and Ö. Carlborg},
  title = {A century after Fisher: time for a new paradigm in quantitative genetics},
  journal = {Trends in genetics},
  year = {2012},
  volume = {29},
  number = {9},
  pages = {669-676}}

@article{cite:3,
  author = {A. Blasco and M. A. Toro},
  title = {A short critical history of the application of genomics to animal breeding},
  journal = {Livestock Science},
  year = {2014},
  volume = {166},
  pages = {4-9}}

@article{cite:4,
  author = {P. de Villemereuil and H. Schielzeth and S. Nakagawa and M. Morrissey},
  title = {General methods for evolutionary quantitative genetic inference from generalized mixed models},
  journal = {Genetics},
  year = {2016},
  volume = {204},
  pages = {1281-1294}}

@article{cite:5,
  author = {M. Pérez-Enciso},
  title = {Animal breeding learning from machine learning},
  journal = {Journal of Animal Breeding and Genetics},
  year = {2017},
  volume = {134},
  pages = {85-86}}

@article{cite:6,
  author = {A. Nakaya and S. N. Isobe},
  title = {Will genomic selection be a practical method for plant breeding?},
  journal = {Annals of Botany},
  year = {2012},
  volume = {110},
  pages = {1303-1316}}

@article{cite:7,
  author = {H. Tong and Z. Nikoloski},
  title = {Machine learning approaches for crop improvement: leveraging phenotypic and genotypic big data},
  journal = {Journal of Plant Physiology},
  year = {2021},
  volume = {257},
  pages = {153354},
  doi = {10.1016/j.jplph.2020.153354}}

@article{cite:8,
  author = {T. H. E. Meuwissen and B. J. Hayes and M. E. Goddard},
  title = {Prediction of Total Genetic Value Using Genome-Wide Dense Marker Maps},
  journal = {Genetics},
  year = {2001},
  volume = {157},
  pages = {1819-1829}}
